<record><leader>00000cas a22000007a 4500</leader><controlfield tag="001">18090315</controlfield><controlfield tag="008">880614d18881937nduwr ne      0    0eng d</controlfield><datafield ind1=" " ind2=" " tag="010"><subfield code="a">sn 88076436 </subfield></datafield><datafield ind1=" " ind2=" " tag="040"><subfield code="a">NOP</subfield><subfield code="b">eng</subfield><subfield code="c">NOP</subfield><subfield code="d">OCLCQ</subfield></datafield><datafield ind1=" " ind2=" " tag="042"><subfield code="a">msc</subfield></datafield><datafield ind1="0" ind2="4" tag="245"><subfield code="a">The Milton globe.</subfield></datafield><datafield ind1=" " ind2=" " tag="260"><subfield code="a">Milton, Cavalier County, N.D. :</subfield><subfield code="b">Dennett &amp; McCarthy</subfield></datafield><datafield ind1=" " ind2=" " tag="300"><subfield code="a">v. :</subfield><subfield code="b">ill. ;</subfield><subfield code="c">61 cm.</subfield></datafield><datafield ind1=" " ind2=" " tag="310"><subfield code="a">Weekly</subfield></datafield><datafield ind1="1" ind2=" " tag="362"><subfield code="a">Began in Mar. 1888.</subfield></datafield><datafield ind1="0" ind2=" " tag="362"><subfield code="a">-v. 49, no. 3 (Mar. 18, 1937).</subfield></datafield><datafield ind1=" " ind2=" " tag="500"><subfield code="a">"Cavalier County Official Paper" (1898-Apr. 1906; 1907-1919).</subfield></datafield><datafield ind1=" " ind2=" " tag="530"><subfield code="a">Available on microfilm from the State Historical Society of North Dakota.</subfield></datafield><datafield ind1=" " ind2=" " tag="588"><subfield code="a">Description based on: Vol. 10, no. 50 (Feb. 17, 1898).</subfield></datafield><datafield ind1=" " ind2=" " tag="752"><subfield code="a">United States</subfield><subfield code="b">North Dakota</subfield><subfield code="c">Cavalier</subfield><subfield code="d">Milton.</subfield></datafield><datafield ind1="0" ind2="4" tag="785"><subfield code="t">Cavalier County Republican</subfield><subfield code="w">(DLC)sn 88076435</subfield></datafield><datafield ind1="1" ind2=" " tag="029"><subfield code="a">AU@</subfield><subfield code="b">000025838416</subfield></datafield></record>